% !TeX encoding = Windows-1251

@ARTICLE{dzenopr,
  title     = {Что такое энтропия (простыми словами) [{Э}лектронный ресурс]},
  year      = {2023},
  language  = {russian},
  note      = {URL:~\url{https://dzen.ru/media/id/5ff165d8fcfc7f0ebfbf5bd0/chto-takoe-entropiia-prostymi-slovami-602ab0328e2e533749800236?utm_referer=www.google.com} (Дата обращения 20.05.2023). Загл. с экр. Яз. рус.},
}

@ARTICLE{vved,
  title     = {Безупречность хаоса: что такое энтропия и как жить в полной неопределенности [{Э}лектронный ресурс]},
  year      = {2023},
  language  = {russian},
  note      = {URL:~\url{https://goo.su/K0kj} (Дата обращения 20.05.2023). Загл. с экр. Яз. рус.},
}

@ARTICLE{termodopr,
  title     = {Энтропия (в термодинамике) [{Э}лектронный ресурс]},
  year      = {2023},
  language  = {russian},
  note      = {URL:~\url{https://science.fandom.com/ru/wiki/Энтропия_(в_термодинамике)} (Дата обращения 20.05.2023). Загл. с экр. Яз. рус.},
}

@ARTICLE{termod,
  title     = {Закон энтропии: определение, формула, примеры [{Э}лектронный ресурс]},
  year      = {2023},
  language  = {russian},
  note      = {URL:~\url{https://blog.fenix.help/zalipatelnaya-nauka/zakon-entropii-opredeleniye-formula-primery} (Дата обращения 20.05.2023). Загл. с экр. Яз. рус.},
}

@ARTICLE{chd,
  title     = {Вездесущая энтропия: от смерти Вселенной до груды грязной посуды [{Э}лектронный ресурс]},
  year      = {2023},
  language  = {russian},
  note      = {URL:~\url{https://theoryandpractice.ru/posts/8366-entropiya} (Дата обращения 20.05.2023). Загл. с экр. Яз. рус.},
}

@ARTICLE{smopr,
  title     = {«ТЕПЛОВАЯ СМЕРТЬ» ВСЕЛЕННОЙ [{Э}лектронный ресурс]},
  year      = {2021},
  language  = {russian},
  note      = {URL:~\url{https://old.bigenc.ru/physics/text/4187976} (Дата обращения 20.05.2023). Загл. с экр. Яз. рус.},
}

@ARTICLE{smert,
  title     = {Тепловая смерть Вселенной [{Э}лектронный ресурс]},
  year      = {2023},
  language  = {russian},
  note      = {URL:~\url{https://www.astrotime.ru/heat_death_vselennoy.html} (Дата обращения 20.05.2023). Загл. с экр. Яз. рус.},
}

@ARTICLE{entr,
  title     = {Информационная энтропия [{Э}лектронный ресурс]},
  year      = {2023},
  language  = {russian},
  note      = {URL:~\url{https://goo.su/vkDz} (Дата обращения 20.05.2023). Загл. с экр. Яз. рус.},
}

@ARTICLE{primer,
  title     = {Энтропия? Это просто! [{Э}лектронный ресурс]},
  year      = {2023},
  language  = {russian},
  note      = {URL:~\url{https://habr.com/ru/articles/374681/} (Дата обращения 20.05.2023). Загл. с экр. Яз. рус.},
}

@ARTICLE{zakl,
  title     = {ЭНТРОПИЯ: от порядка к хаосу [{Э}лектронный ресурс]},
  year      = {2023},
  language  = {russian},
  note      = {URL:~\url{https://stol.guru/pulse/essays/entropy-2018-06-08} (Дата обращения 20.05.2023). Загл. с экр. Яз. рус.},
}


