% !TeX encoding = Windows-1251

@BOOK{1,
  title     = {flex \& bison: Text Processing Tools},
  author    = {J. Levine},
  year      = {2009},
  language  = {english},
  publisher = {O’Reilly Media,Inc.},
}

@BOOK{2,
  title     = {Compilers, Principles, Techniques, and Tools},
  author    = {A. V. Aho and R. Sethi and J. D. Ullman and M. S. Lam.},
  year      = {1986},
  language  = {english},
  publisher = {Addison-Wesley},
}

@BOOK{11,
  title     = {Managing memory with types },
  author    = { D. C.-A. Wang},
  year      = {2002},
  language  = {english},
  publisher = {Princeton University},
  pages     = {29-55},
}

@ARTICLE{12,
  title     = {Facebook open-source library documentation [{Э}лектронный ресурс]},
  language  = {english},
  note      = {URL:~\url{ https://github.com/facebook/folly/blob/master/folly/docs/FBVector.md} (Дата обращения 25.05.2021). Загл. с экр. Яз. англ.},
}